@electronic{Savage,
  author        = "Neil Savage",
  title         = "Building Quantum Computers With Photons",
  url           = "https://spectrum.ieee.org/tech-talk/computing/hardware/building-quantum-computers-with-photons",
  journal       = "IEEE Spectrum",
  year          = "2018"
}

@inproceedings{Evolution,
  author    = "Jasmeet Singh and Mohit Singh",
  title     = "Evolution in Quantum Computing",
  booktitle = "2016 International Conference System Modeling & Advancement in Research Trends",
  address   = "Moradabad, India",
  year      = "2016"
}

@article{Optical,
  author        = "Horace Yeun and Jeffrey Shapiro",
  title         = "Optical communication with two-photon coherent states--Part III: Quantum measurements realizable with photoemissive detectors",
  pages         = "78-92",
  year          = "2019",
  journal       = IEEE_J_IT,
  volume        = "26",
  month         = jan
}

@electronic{Image,
  title         = "The Sieve",
  url           = "https://eltamiz.com/images/2009/March/gato-schrodinger-abierta.jpg",
  year          = "2019"
}

@electronic{Canada,
  title         = "Physicists breeding Schroedinger cat states",
  url           = "https://phys.org/news/2017-05-physicists-schroedinger-cat-states.html",
  month         = mar,
  year          = "2017"
}

@electronic{superconductor,
  author        = "Hans Mooij",
  title         = "Superconducting quantum bits",
  url           = "https://physicsworld.com/a/superconducting-quantum-bits/",
  year          = "2004",
  month         = Dec
}

@electronic{photon,
  author        = "Dexter Johnson",
  title         = "A Photonic Circuit for Quantum Computers",
  url           = "https://spectrum.ieee.org/nanoclast/semiconductors/devices/photonic-quantum-circuit-gets-photons-to-interact-for-quantum-computing",
  journal       = "IEEE Spectrum",
  year          = "2018"
}

@inproceedings{cluster,
  author    = "Hee Su Park and others",
  title     = "Experimental realization of a two-photon four-qubit cluster state from a single Bell-state photon pair",
  booktitle = "2007 Conference on Lasers and Electro-Optics - Pacific Rim",
  address   = "Seoul, South Korea",
  month     = jan,
  year      = "2007"
}